@misc{HCproblem,
title = {{Maximum Horn core}},
note = {on-line at: \url{https://www.csc.kth.se/~viggo/wwwcompendium/node239.html}}
}

@InProceedings{doc3,
author="Kavvadias, Dimitris
and Papadimitriou, Christos H.
and Sideri, Martha",
title="On Horn envelopes and hypergraph transversals",
booktitle="Algorithms and Computation",
year="1993",
publisher="Springer Berlin Heidelberg",
address="Berlin, Heidelberg",
pages="399--405",
isbn="978-3-540-48233-8"
}

@InProceedings{doc2,
author="Selman, Bart
and Kautz, Henry",
title="Knowledge compilation using Horn approximations",
year="1991",
publisher="Proceedings of the Ninth National Conference on Artificial Intelligence",
address="Anaheim",
}

@InProceedings{doc1,
author="Eiter, Thomas
and Ibaraki, Toshihide
and Makino, Kazuhisa",
title="Disjunctions of Horn Theories and Their Cores",
booktitle="Algorithms and Computation",
year="1998",
publisher="Springer Berlin Heidelberg",
address="Berlin, Heidelberg",
pages="50--60",
isbn="978-3-540-49381-5"
}

@article{doc41,
author = {Bjørner, Nikolaj and Fioravanti, Fabio and Rybalchenko, Andrey and Senni, Valerio},
year = {2014},
title = {Proceedings First Workshop on Horn Clauses for Verification and Synthesis},
volume = {169},
journal = {Electronic Proceedings in Theoretical Computer Science},
doi = {10.4204/EPTCS.169}
}

@Inbook{doc42,
author="Bj{\o}rner, Nikolaj
and Gurfinkel, Arie
and McMillan, Ken
and Rybalchenko, Andrey",
title="Horn Clause Solvers for Program Verification",
bookTitle="Fields of Logic and Computation II: Essays Dedicated to Yuri Gurevich on the Occasion of His 75th Birthday",
year="2015",
publisher="Springer International Publishing",
address="Cham",
pages="24--51",
isbn="978-3-319-23534-9",
doi="10.1007/978-3-319-23534-9_2"
}

@InProceedings{doc43,
author="Sebastiani, Roberto
and Vescovi, Michele",
title="Axiom Pinpointing in Lightweight Description Logics via Horn-SAT Encoding and Conflict Analysis",
booktitle="Automated Deduction -- CADE-22",
year="2009",
publisher="Springer Berlin Heidelberg",
address="Berlin, Heidelberg",
pages="84--99",
isbn="978-3-642-02959-2"
}

@InProceedings{doc_lit,
author="Mordechai, Ben-Ari",
title="Mathematical Logic for Computer Science",
year="2012",
publisher="Springer London",
address="London",
isbn="978-1-4471-4129-7"
}

@book{doc_cnf,
	address = "New York",
	author = "Howson, Colin",
	publisher = "Routledge",
	title = "Logic with Trees: Introduction to Symbolic Logic",
	year = "1997"
}


@article{doc_horn_clause,
 author = "Horn, Alfred",
 journal = "The Journal of Symbolic Logic",
 pages = "14--21",
 publisher = "Association for Symbolic Logic",
 title = "On Sentences Which are True of Direct Unions of Algebras",
 year = "1951"
}

@article{doyle1991,
  author    = "Doyle, John and Patil, Ramesh S.",
  title     = "Two theses of knowledge representation: language restrictions, taxonomic classification, and the utility of representation services",
  journal   = "Artificial Intelligence",
  year      = "1991",
  volume    = "48",
  number    = "3",
  pages     = "261--297"
}

@inproceedings{horvitz1989,
author = "Horvitz, Eric J. and Cooper, Gregory F. and Heckerman, David E.",
title = "Reflection and action under scarce resources: theoretical principles and empirical study",
year = "1989",
publisher = "Morgan Kaufmann Publishers Inc.",
address = "San Francisco, CA, USA",
booktitle = "Proceedings of the 11th International Joint Conference on Artificial Intelligence - Volume 2",
pages = "1121–1127"
}

@article{mladenovic1997,
  title="Variable neighborhood search",
  author="Mladenović, Nenad and Hansen, Pierre",
  journal="Computers \& Operations Research",
  volume="24",
  number="11",
  pages="1097--1100",
  year="1997",
  publisher="Elsevier"
}

@inbook{mladenovic2009,
author = "Hansen, Pierre and Mladenovic, Nenad",
year = "2009",
pages = "3978-",
title = "Variable Neighborhood Search Methods",
volume = "22",
journal = "Search Methodologies: Introductory Tutorials in Optimization and Decision Support Techniques",
doi = "10.1007/978-0-387-74759-0_694"
}

@article{mladenovic2010,
author = "Hansen, Pierre and Mladenovic, Nenad and Moreno-Pérez, José",
year = "2010",
pages = "367-407",
title = "Variable neighbourhood search: Methods and applications",
volume = "175",
journal = "4OR",
doi = "10.1007/s10479-009-0657-6"
}

@book{cormen2022,
  title="Introduction to Algorithms, fourth edition",
  author="Cormen, T.H. and Leiserson, C.E. and Rivest, R.L. and Stein, C.",
  isbn="9780262046305",
  year="2022",
  publisher="MIT Press"
}

@book{russell,
  title="Artificial Intelligence: a modern approach",
  author="Russell, Stuart J. and Norvig, Peter",
  year="2009",
  publisher="Pearson"
}